@inproceedings{vertical-assumption,
  title="{Trajectory Planning for Multi-rotor UAV Based on Energy Cost Model}",
  author={Wu, Kunpeng and Feng, Minling and Wu, Chaoxian and Lin, Yuan and Lu, Shaofeng},
  booktitle={2022 41st Chinese Control Conf. (CCC)},
  pages={1-6},
  year={2022},
  organization={IEEE}
}

@inproceedings{mgh,
  title="{Average Transmission Rate and Energy Efficiency Optimization in UAV-assisted IoT}",
  author={Cao, Yuzhou and Wang, Aimin and Sun, Geng and Liu, Lingling},
  booktitle={2023 IEEE Wireless Commun. and Netw. Conf. (WCNC)},
  pages={1-6},
  year={2023},
  organization={IEEE}
}